@article{zeigler_theory_2000,
	title = {Theory of {Modeling} and {Simulation}: {Integrating} {Discrete} {Event} and {Continuous} {Complex} {Dynamic} {Systems}},
	volume = {2},
	shorttitle = {Theory of {Modeling} and {Simulation}},
	author = {Zeigler, Bernard and Prähofer, Herbert and Kim, Tag Gon},
	month = jan,
	year = {2000},
}

@book{law_simulation_2015,
	address = {New York, NY, USA},
	edition = {5},
	title = {Simulation {Modeling} \& {Analysis}},
	publisher = {McGraw-Hill},
	author = {Law, Averill M.},
	year = {2015},
}

@book{bryant2015computer,
  title={Computer systems: A programmer's perspective},
  author={Bryant, Randal E and O'Hallaron, David R},
  year={2015},
  publisher={Pearson}
}

@article{calvo_valdes_simulador_2010,
	title = {Simulador del procesador {MIPS} sobre el formalismo {DEVS}},
	url = {https://hdl.handle.net/20.500.14352/46063},
	language = {spa},
	urldate = {2024-09-19},
	author = {Calvo Valdés, Francisco Alejandro and Roldán Ramírez, José Félix and San Miguel Sánchez, Alfonso},
	year = {2010},
	journal = {Revista de Simulación},
}

@book{jentsch_simulation_2017,
  title={Simulation in aviation training},
  author={Jentsch, Florian and Curtis, Michael},
  year={2017},
  publisher={Routledge}
}

@article{stork_towards_2008,
  title={Towards interactive simulation in automotive design},
  author={Stork, Andr{\'e} and Thole, Clemens-August and Klimenko, Stanislav and Nikitin, Igor and Nikitina, Lialia and Astakhov, Yuri},
  journal={The Visual Computer},
  volume={24},
  pages={947--953},
  year={2008},
  publisher={Springer}
}

@book{peterson_petri_1981,
	title = {Petri net theory and the modeling of systems},
	publisher = {Prentice Hall PTR},
	author = {Peterson, James Lyle},
	year = {1981},
}

@book{abel_ibm_2000,
	address = {Upper Saddle River, NJ, USA},
	edition = {5th},
	title = {{IBM} {PC} {Assembly} {Language} and {Programming}},
	isbn = {0-13-030655-X},
	publisher = {Prentice Hall PTR},
	author = {Abel, Peter},
	year = {2000},
}

@book{banks_discrete-event_2010,
	edition = {5th ed.},
	title = {Discrete-event system simulation},
	isbn = {0-13-606212-1},
	language = {English},
	publisher = {Prentice Hall},
	author = {Banks, Jerry and Carson, John S. and Nelson, Barry L. and Nicol, David M.},
	year = {2010},
}

@book{zeigler_theory_2018,
	title = {Theory of {Modeling} and {Simulation}: {Discrete} {Event} \& {Iterative} {System} {Computational} {Foundations}},
	isbn = {978-0-12-813407-8},
	shorttitle = {Theory of {Modeling} and {Simulation}},
	language = {en},
	publisher = {Academic Press},
	author = {Zeigler, Bernard P. and Muzy, Alexandre and Kofman, Ernesto},
	month = aug,
	year = {2018},
	note = {Google-Books-ID: VBhpDwAAQBAJ},
	keywords = {Mathematics / Applied, Mathematics / General},
}


@book{robinson_simulation_2014,
	edition = {2nd edition},
	title = {Simulation: {The} {Practice} of {Model} {Development} and {Use}},
	isbn = {978-1-137-32802-1},
	author = {Robinson, Stewart},
	year = {2014},
	publisher = {Wiley}
}

@article{garcia-garcia_pbbcache_2020,
	title = {{PBBCache}: {An} open-source parallel simulator for rapid prototyping and evaluation of cache-partitioning and cache-clustering policies},
	volume = {42},
	journal = {Journal of Computational Science},
	author = {Garcia-Garcia, Adrian and Saez, Juan Carlos and Risco-Martin, José Luis and Prieto-Matias, Manuel},
	year = {2020},
	note = {Publisher: Elsevier},
	pages = {101102},
}

@article{lion_simuladores_2005,
	title = {Los simuladores. {Su} potencial para la enseñanza universitaria},
	volume = {2},
	number = {12},
	journal = {Cuadernos de Investigación Educativa},
	author = {Lion, Carina},
	year = {2005},
	note = {Number: 12},
	pages = {53--66},
}

@article{mustafa_evaluating_2010,
	title = {Evaluating {A} {System} {Simulator} {For} {Computer} {Architecture} {Teaching} {And} {Learning} {Support}},
	volume = {9},
	url = {https://doi.org/10.11120/ital.2010.09010100},
	doi = {10.11120/ital.2010.09010100},
	number = {1},
	journal = {Innovation in Teaching and Learning in Information and Computer Sciences},
	author = {Mustafa, Besim},
	year = {2010},
	note = {Number: 1},
	pages = {100--104},
}

@misc{amd_developer_2024,
  title        = {Developer Guides, Manuals \& ISA Documents},
  author       = {{AMD}},
  year         = {2024},
  month        = sep,
  url          = {https://www.amd.com/en/search/documentation/hub.html},
  urldate      = {2025-05-11},
  abstract     = {Documentación técnica para desarrolladores de AMD, incluyendo las últimas guías de programación, manuales de referencia y documentos de ISA para arquitecturas como AMD64 y RDNA 3.5.},
  language     = {en-US},
  note         = {Incluye la guía de referencia de la arquitectura de conjunto de instrucciones (ISA) RDNA 3.5, publicada en septiembre de 2024.}
}

@book{stallings_computer_2021,
  author    = {William Stallings},
  title     = {Computer Organization and Architecture: Designing for Performance},
  edition   = {11th},
  year      = {2021},
  publisher = {Pearson},
  isbn      = {9780135381805},
  address   = {Boston, MA}
}

@book{behrooz_computer_2005,
	title = {Computer {Architecture}: {From} {Microprocessors} to {Supercomputers}},
	publisher = {Oxford University Press Inc},
	author = {BEHROOZ, PARHAMI},
	year = {2005},
}

@techreport{intel_whitepaper_2023,
  title = {Intel Xeon Processor Scalable Family: Performance and Efficiency for Modern Data Centers},
  author = {Intel Corporation},
  year = {2023},
  institution = {Intel},
  url = {https://www.intel.com/content/www/us/en/products/docs/processors/xeon-accelerated/4th-gen-xeon-scalable-processors.html},
  note = {Whitepaper técnico}
}

@techreport{vonneumann1945first,
  title={First Draft of a Report on the {EDVAC}},
  author={von Neumann, John},
  institution={Moore School of Electrical Engineering, University of Pennsylvania},
  address={Philadelphia, PA},
  year={1945},
  month={June},
  note={Contract No. W-670-ORD-4926, between the United States Army Ordnance Department and the University of Pennsylvania},
  type={Technical Report}
}

@inproceedings{radivojevic_design_2011,
	title = {Design of the simulator for teaching computer architecture and organization},
	booktitle = {2011 {Second} {Eastern} {European} {Regional} {Conference} on the {Engineering} of {Computer} {Based} {Systems}},
	publisher = {IEEE},
	author = {Radivojevic, Zaharije and Cvetanovic, Milos and Ðordevic, Jovan},
	year = {2011},
	pages = {124--130}
}

@article{skrien_cpu_2001,
	title = {{CPU} {Sim} 3.1: {A} tool for simulating computer architectures for computer organization classes},
	journal = {Journal on Educational Resources in Computing (JERIC)},
	author = {Skrien, Dale},
	year = {2001}
}

@ARTICLE{hasan_survey_2012,
  author={Akram, Ayaz and Sawalha, Lina},
  journal={IEEE Access}, 
  title={A Survey of Computer Architecture Simulation Techniques and Tools}, 
  year={2019},
  volume={7},
  number={},
  pages={78120-78145},
  keywords={Computer architecture;Computational modeling;Tools;Object oriented modeling;Microarchitecture;Timing;Adaptation models;Computer architecture simulators;simulation techniques;validation;×86 simulators;simulators evaluation},
  doi={10.1109/ACCESS.2019.2917698}}


@book{hennessy2017computer,
  title     = {Computer Architecture: A Quantitative Approach},
  author    = {John L. Hennessy and David A. Patterson},
  year      = {2017},
  edition   = {6},
  publisher = {Morgan Kaufmann},
  address   = {Boston},
  isbn      = {9780128119051}
}

@book{patterson2016computer,
  title={Computer organization and design ARM edition: the hardware software interface},
  author={Patterson, David A and Hennessy, John L},
  year={2016},
  publisher={Morgan kaufmann}
}

@book{hennessy2017computer_riscv,
  title={Computer organization and design RISC-V edition: The hardware software interface},
  author={Hennessy, John L and Patterson, David A},
  year={2017},
  publisher={Elsevier Science \& Technology Books}
}


@book{null_essentials_2023,
  author    = {Linda Null},
  title     = {Essentials of Computer Organization and Architecture with Navigate Advantage Access},
  edition   = {6th},
  year      = {2023},
  publisher = {Jones \& Bartlett Learning},
  address   = {Burlington, MA},
  isbn      = {978-1-284-25943-8}
}

@book{patterson_computer_2014,
	title={Computer Organization and Design: The Hardware/Software Interface-5th},
	author={Patterson and others},
	year={2014},
	publisher={Morgan Kaufmann}
}

@book{tanenbaum_structured_2016,
  title={Structured computer organization},
  author={Tanenbaum, Andrew S},
  year={2016},
  publisher={Pearson Education India}
}

@book{murdocca_principles_2000,
	title={Principles of Computer Architecture},
	author={Murdocca, Miles J and Heuring, Vincent},
	year={2000},
	publisher={Pearson Education}
}

@book{patterson_computer_2016,
	title={Computer organization and design ARM edition: the hardware software interface},
	author={Patterson, David A and Hennessy, John L},
	year={2016},
	publisher={Morgan kaufmann}
}

@book{patterson_computer_2017,
	title={Computer Organization and Design RISC-V Edition: The Hardware Software Interface},
	author={Patterson, David A. and Hennessy, John L.},
	year={2017},
	publisher={Morgan Kaufmann}
}

@book{harris2015digital,
  title={Digital design and computer architecture},
  author={Harris, Sarah and Harris, David},
  year={2015},
  publisher={Morgan Kaufmann}
}

@book{ceruzzi_history_2003,
  title={A history of modern computing},
  author={Ceruzzi, Paul E},
  year={2003},
  publisher={MIT press}
}

@book{williams1998history,
  title={A history of computing technology},
  author={Williams, Michael R},
  year={1998},
  publisher={Prentice-Hall Englewood Cliffs, NJ}
}

@book{brey_intel_microprocessors,
  author    = {Barry B. Brey},
  title     = {The Intel Microprocessors: Architecture, Programming, and Interfacing},
  publisher = {Pearson Education},
  year      = {2013},
  edition   = {8th},
  isbn      = {9780135026457}
}

@book{patt2019introduction,
  title     = {Introduction to Computing Systems: From Bits and Gates to C and Beyond},
  author    = {Yale N. Patt and Sanjay J. Patel},
  edition   = {3},
  year      = {2019},
  publisher = {McGraw-Hill Education},
  address   = {New York},
  isbn      = {978-1-259-84924-3}
}

@manual{intel8086manual,
  title        = {Intel 8086 Family User's Manual},
  author       = {{Intel Corporation}},
  year         = {1979},
  month        = {October},
  publisher    = {Intel Corporation},
  note         = {Order Number: 9800722-03},
  url          = {https://bitsavers.org/components/intel/8086/9800722-03_The_8086_Family_Users_Manual_Oct79.pdf},
  urldate      = {2025-05-17}
}

@book{noergaard2012embedded,
  title={Embedded systems architecture: a comprehensive guide for engineers and programmers},
  author={Noergaard, Tammy},
  year={2012},
  publisher={Newnes}
}

@inproceedings{zeigler2004continuity,
  title={Continuity and change (activity) are fundamentally related in DEVS simulation of continuous systems},
  author={Zeigler, Bernard P and Jammalamadaka, Rajanikanth and Akerkar, Salil R},
  booktitle={International Conference on AI, Simulation, and Planning in High Autonomy Systems},
  pages={1--13},
  year={2004},
  organization={Springer}
}

@article{calvo2010simulador,
  title={Simulador del procesador MIPS sobre el formalismo DEVS},
  author={Calvo Valdes, Francisco Alejandro and Roldan Ramirez, Jose Felix and San Miguel Sanchez, Alfonso},
  year={2010}
}

@inproceedings{fujimoto2001parallel,
  title={Parallel and distributed simulation systems},
  author={Fujimoto, Richard M},
  booktitle={Proceeding of the 2001 Winter Simulation Conference (Cat. No. 01CH37304)},
  volume={1},
  pages={147--157},
  year={2001},
  organization={IEEE}
}

@article{barros1997modeling,
  title={Modeling formalisms for dynamic structure systems},
  author={Barros, Fernando J},
  journal={ACM Transactions on Modeling and Computer Simulation (TOMACS)},
  volume={7},
  number={4},
  pages={501--515},
  year={1997},
  publisher={ACM New York, NY, USA}
}

@techreport{arm_evolution_2025,
  title        = {The Relentless Evolution of the Arm Architecture},
  author       = {{ARM Holdings}},
  year         = {2025},
  institution  = {ARM Holdings},
  url          = {https://newsroom.arm.com/blog/evolution-of-arm-architecture-evolution-40-years},
  note         = {Accedido el 10 de mayo de 2025}
}

@manual{arm2021architecture,
  title        = {Arm Architecture Reference Manual: Armv9-A, for Armv9-A architecture profile},
  author       = {{Arm Ltd.}},
  year         = {2021},
  version      = {D.a},
  note         = {Available at: \url{https://developer.arm.com/documentation/ddi0487/latest}},
  institution  = {Arm Ltd.}
}

@manual{intel_microarchitecture_2021,
  title        = {Intel\textsuperscript{\textregistered} 64 and IA-32 Architectures Optimization Reference Manual},
  author       = {{Intel Corporation}},
  year         = {2021},
  number       = {248966-042},
  edition      = {April 2021},
  note         = {Available at: \url{https://www.intel.com/content/www/us/en/developer/articles/technical/intel-sdm.html}},
  institution  = {Intel Corporation}
}

@book{nationalacademies2018how,
  title     = {How People Learn II: Learners, Contexts, and Cultures},
  author    = {{National Academies of Sciences, Engineering, and Medicine}},
  year      = {2018},
  publisher = {National Academies Press},
  address   = {Washington, DC},
  doi       = {10.17226/24783},
  isbn      = {9780309459648},
  url       = {https://doi.org/10.17226/24783}
}

@phdthesis{majid1999design,
  title={Design of SAP-1 controller and simulation using mentor graphics},
  author={Majid, Zamri},
  year={1999},
  school={Universiti Teknologi MARA (UiTM)}
}

@misc{morlan_sap1_2021,
  author       = {Austin Morlan},
  title        = {Building a Simple 8-Bit CPU in Verilog (SAP-1)},
  year         = {2021},
  url          = {https://austinmorlan.com/posts/fpga_computer_sap1/},
  note         = {Accessed: 2025-05-21}
}

@misc{Guald_2015_thesis,  
    author = {Gualdrón Gamarra, Alfredo and Pinilla, José Pablo},
    title = {Plataforma para la emulación y reconfiguración de arquitecturas CISC Y RISC},
    year = {2015-01-27},
    url = {http://hdl.handle.net/20.500.11912/2004}
}

@misc{vonsim8,
  author       = {José Ruiz},
  title        = {VonSim8 - Simulador simplificado de arquitectura Von Neumann de 8 bits},
  howpublished = {\url{https://ruiz-jose.github.io/VonSim8/}},
  note         = {Último acceso: 21 de mayo de 2025},
  year         = {2024}
}

@misc{vonsim,
  author       = {Facundo Quiroga, Manuel Bustos Berrondo, Juan Martín Seery},
  title        = {VonSim - Simulador de arquitectura de Von Neumann},
  howpublished = {\url{https://vonsim.github.io/}},
  note         = {Último acceso: 21 de mayo de 2025},
  year         = {2020}
}

@article{sorva2013visualizations,
  author    = {Juha Sorva},
  title     = {Notional Machines and Introductory Programming Education},
  journal   = {ACM Transactions on Computing Education (TOCE)},
  volume    = {13},
  number    = {2},
  year      = {2013},
  pages     = {1--31},
  doi       = {10.1145/2483710.2483713},
  publisher = {Association for Computing Machinery},
  url       = {https://doi.org/10.1145/2483710.2483713}
}


@misc{silber_tinycpu,
  author       = {David Silber},
  title        = {TinyCPU - A Simple CPU Implemented in Verilog},
  howpublished = {\url{https://www.eecis.udel.edu/~silber/tinycpu/#/home}},
  note         = {Accessed: 2025-05-21}
}

@manual{waterman_risc-v_2014,
  title     = {The {RISC}-{V} Instruction Set Manual, Volume I: User-Level ISA, Version 2.0},
  author    = {Andrew Waterman and Krste Asanović},
  year      = {2014},
  institution = {University of California, Berkeley},
  note      = {EECS Department, Technical Report No. UCB/EECS-2014-54},
  url       = {https://riscv.org/technical/specifications}
}

@article{menchonherramientas,
  title={Herramientas de software educacional para el aprendizaje de arquitectura de procesadores},
  author={Mench{\'o}n, Mart{\'\i}n and Tosini, Marcelo and Go{\~n}i, Oscar}
}

@article{akram2019survey,
  title={A survey of computer architecture simulation techniques and tools},
  author={Akram, Ayaz and Sawalha, Lina},
  journal={Ieee Access},
  volume={7},
  pages={78120--78145},
  year={2019},
  publisher={IEEE}
}

@article{belli2020iot,
  title={IoT-enabled smart sustainable cities: Challenges and approaches},
  author={Belli, Laura and Cilfone, Antonio and Davoli, Luca and Ferrari, Gianluigi and Adorni, Paolo and Di Nocera, Francesco and Dall’Olio, Alessandro and Pellegrini, Cristina and Mordacci, Marco and Bertolotti, Enzo},
  journal={Smart Cities},
  volume={3},
  number={3},
  pages={1039--1071},
  year={2020},
  publisher={MDPI}
}

@article{nikolic_survey_2009,
	title = {A {Survey} and {Evaluation} of {Simulators} {Suitable} for {Teaching} {Courses} in {Computer} {Architecture} and {Organization}},
	volume = {52},
	issn = {0018-9359},
	doi = {10.1109/TE.2008.930097},
	number = {4},
	journal = {IEEE Transactions on Education},
	author = {Nikolic, B. and Radivojevic, Z. and Djordjevic, J. and Milutinovic, V.},
	month = nov,
	year = {2009},
	note = {Number: 4},
	keywords = {computer aided instruction, Computer aided instruction, computer architecture, Computer architecture, Computer Architecture and Organization course, Computer Engineering curricula, computer science education, Computer science education, computer system simulators, computer-aided instruction, educational courses, educational technology, Educational technology, simulation, Simulation, teaching},
	pages = {449--458},
}

@manual{intel_64_2025,
  title        = {Intel® 64 and IA-32 Architectures Software Developer’s Manual},
  author       = {{Intel Corporation}},
  year         = {2025},
  month        = mar,
  version      = {086},
  url          = {https://www.intel.com/content/www/us/en/developer/articles/technical/intel-sdm.html},
  note         = {Combined Volumes 1, 2A–2D, 3A–3D, and 4. Order Number: 325462.},
}

@inproceedings{nova_tool_2013,
	title = {Tool to support computer architecture teaching and learning},
	booktitle = {Engineering {Education} ({CISPEE}), 2013 1st {International} {Conference} of the {Portuguese} {Society} for},
	publisher = {IEEE},
	author = {Nova, Bruno and Ferreira, Joao C and Araújo, António},
	year = {2013},
	pages = {1--8},
}

@article{contreras_uso_2010,
	title = {Uso de simuladores como recurso digital para la transferencia de conocimiento},
	volume = {2},
	number = {1},
	journal = {Apertura: Revista de Innovación Educativa},
	author = {Contreras, Gloria and Torres, Rosa García and Montoya, María Soledad Ramírez},
	year = {2010},
	note = {Number: 1},
	pages = {86--100},
}

@inproceedings{colombani_herramientas_2022,
	title = {Herramientas de software para dar soporte en la enseñanza y aprendizaje de la arquitectura x86},
	copyright = {http://creativecommons.org/licenses/by-nc-sa/4.0/},
	isbn = {978-950-698-522-6},
	url = {http://sedici.unlp.edu.ar/handle/10915/139908},
	language = {es},
	urldate = {2024-07-10},
	author = {Colombani, Marcelo A. and Ruiz, José M. and Delduca, Amalia G. and Falappa, Marcelo Alejandro},
	year = {2022},
}

@misc{colombani_pid_2022,
	title = {{PID} novel 7065: {Enseñanza}/aprendizaje de asignatura {Arquitectura} de {Computadoras} con herramientas de simulación de sistemas de cómputos},
	url = {https://proyectos.uner.edu.ar/aplicacion.php?ah=st668e6d47663eb&ai=gestion_extinv||23000105},
	urldate = {2024-07-10},
	author = {Colombani, Marcelo A. and Falappa, Marcelo Alejandro and Delduca, Amalia G. and Ruiz, José M.},
	month = feb,
	year = {2022},
}

@book{irvine2011assembly,
  title={Assembly language for x86 processors},
  author={Irvine, Kip R and Das, Lyla B},
  year={2011},
  publisher={Prentice Hall}
}

@book{hyde2010art,
  title={The art of assembly language},
  author={Hyde, Randall},
  year={2010},
  publisher={No Starch Press}
}

@book{tasm,
  author    = {Borland International},
  title     = {Turbo Assembler User's Guide},
  year      = {1993},
  publisher = {Borland International}
}

@book{masm,
  author    = {Microsoft Corporation},
  title     = {Microsoft Macro Assembler 6.1 Reference},
  year      = {1992},
  publisher = {Microsoft Press}
}

@manual{nasm,
  author    = {{The NASM Project}},
  title     = {The Netwide Assembler (NASM) Manual},
  year      = {2023},
  note      = {Retrieved from \url{https://nasm.us/doc/nasmdoc.pdf}}
}


